@book{discoveries,
     title={The World Almanac and Book of Facts},
     year={1975},
     pages={315--318}
}