% Encoding: UTF-8
@article{epstein2008model,
  title={Why model?},
  author={Epstein, Joshua M},
  journal={Journal of Artificial Societies and Social Simulation},
  volume={11},
  number={4},
  pages={12},
  year={2008}
}

@book{gill2007bayesian,
  title={Bayesian methods: A social and behavioral sciences approach},
  author={Gill, Jeff},
  year={2007},
  publisher={CRC press}
}

@book{gelman2013bayesian,
  title={Bayesian data analysis},
  author={Gelman, Andrew and Carlin, John B and Stern, Hal S and Dunson, David B and Vehtari, Aki and Rubin, Donald B},
  year={2013},
  publisher={CRC press}
}

@article{stewart2014teaching,
  title={Teaching Markov Chain Monte Carlo: Revealing the Basic Ideas Behind the Algorithm},
  author={Stewart, Wayne and Stewart, Sepideh},
  journal={PRIMUS},
  volume={24},
  number={1},
  pages={25--45},
  year={2014},
  publisher={Taylor \& Francis}
}

@book{bolstad2007introduction,
  title={Introduction to Bayesian statistics},
  author={Bolstad, William M},
  year={2007},
  publisher={John Wiley \& Sons}
}

@book{silver2012signal,
  title={The signal and the noise: Why so many predictions fail-but some don't},
  author={Silver, Nate},
  year={2012},
  publisher={Penguin}
}

@book{tegmark2014our,
  title={Our mathematical universe: my quest for the ultimate nature of reality},
  author={Tegmark, Max},
  year={2014},
  publisher={Knopf}
}

@article{angrist1990lifetime,
  title={Lifetime earnings and the Vietnam era draft lottery: evidence from social security administrative records},
  author={Angrist, Joshua D},
  journal={The American Economic Review},
  pages={313--336},
  year={1990},
  publisher={JSTOR}
}

@article{ioannidis2005most,
  title={Why most published research findings are false},
  author={Ioannidis, John PA},
  journal={PLoS medicine},
  volume={2},
  number={8},
  pages={e124},
  year={2005},
  publisher={Public Library of Science}
}

@book{mcgrayne2011theory,
  title={The theory that would not die: how Bayes' rule cracked the enigma code, hunted down Russian submarines, \& emerged triumphant from two centuries of controversy},
  author={McGrayne, Sharon Bertsch},
  year={2011},
  publisher={Yale University Press}
}

@misc{stan-software:2014,
  author = {{Stan Development Team}},
  year = {2014},
  title = {Stan: A C++ Library for Probability and Sampling,
           Version 2.5.0},
  url = {http://mc-stan.org/}
}

@inproceedings{plummer2003jags,
  title={JAGS: A program for analysis of Bayesian graphical models using Gibbs sampling},
  author={Plummer, Martyn and others},
  booktitle={Proceedings of the 3rd international workshop on distributed statistical computing},
  volume={124},
  pages={125},
  year={2003},
  organization={Technische Universit at Wien}
}

@Manual{RLanguage,
     title = {R: A Language and Environment for Statistical Computing},
     author = {{R Core Team}},
     organization = {R Foundation for Statistical Computing},
     address = {Vienna, Austria},
     year = {2014},
     url = {http://www.R-project.org/},
   }
   
   @book{robert2007bayesian,
     title={The Bayesian choice: from decision-theoretic foundations to computational implementation},
     author={Robert, Christian},
     year={2007},
     publisher={Springer Science \& Business Media}
   }
   
   @article{gelman2006prior,
     title={Prior distributions for variance parameters in hierarchical models (comment on article by Browne and Draper)},
     author={Gelman, Andrew and others},
     journal={Bayesian analysis},
     volume={1},
     number={3},
     pages={515--534},
     year={2006},
     publisher={International Society for Bayesian Analysis}
   }
   
   @book{taleb2010black,
     title={The black swan:: The impact of the highly improbable fragility},
     author={Taleb, Nassim Nicholas},
     volume={2},
     year={2010},
     publisher={Random House}
   }
   
   @book{mandelbrot2008misbehaviour,
     title={Misbehaviour of Markets},
     author={Mandelbrot, Benoit B and Hudson, Richard L},
     year={2008},
     publisher={Profile Books}
   }
   
   @article{lewandowski2009generating,
     title={Generating random correlation matrices based on vines and extended onion method},
     author={Lewandowski, Daniel and Kurowicka, Dorota and Joe, Harry},
     journal={Journal of multivariate analysis},
     volume={100},
     number={9},
     pages={1989--2001},
     year={2009},
     publisher={Elsevier}
   }
   
   @manual{stan-manual:2015,
     author = ,
     year = {2015},
     title = {Stan Modeling Language Users Guide and Reference Manual,
              Version 2.7.0},
     url = {http://mc-stan.org/}
   }
   
   @article{tokuda2011visualizing,
     title={Visualizing distributions of covariance matrices},
     author={Tokuda, Tomoki and Goodrich, Ben and Van Mechelen, I and Gelman, Andrew and Tuerlinckx, F},
     journal={Columbia Univ., New York, NY, USA, Tech. Rep},
     year={2011},
     publisher={Citeseer}
   }
   
   @article{hanea2013asymptotic,
     title={The asymptotic distribution of the determinant of a random correlation matrix},
     author={Hanea, Anca},
     journal={arXiv preprint arXiv:1309.7268},
     year={2013}
   }
   
   @inproceedings{mimno2011bayesian,
     title={Bayesian checking for topic models},
     author={Mimno, David and Blei, David},
     booktitle={proceedings of the conference on empirical methods in natural language processing},
     pages={227--237},
     year={2011},
     organization={Association for Computational Linguistics}
   }
   
   @article{blei2003latent,
     title={Latent dirichlet allocation},
     author={Blei, David M and Ng, Andrew Y and Jordan, Michael I},
     journal={the Journal of machine Learning research},
     volume={3},
     pages={993--1022},
     year={2003},
     publisher={JMLR. org}
   }
   
   @article{gelman2014understanding,
     title={Understanding predictive information criteria for Bayesian models},
     author={Gelman, Andrew and Hwang, Jessica and Vehtari, Aki},
     journal={Statistics and Computing},
     volume={24},
     number={6},
     pages={997--1016},
     year={2014},
     publisher={Springer}
   }
   
   @article{spiegelhalter2002bayesian,
     title={Bayesian measures of model complexity and fit},
     author={Spiegelhalter, David J and Best, Nicola G and Carlin, Bradley P and Van Der Linde, Angelika},
     journal={Journal of the Royal Statistical Society: Series B (Statistical Methodology)},
     volume={64},
     number={4},
     pages={583--639},
     year={2002},
     publisher={Wiley Online Library}
   }
   
   @article{vehtari2015efficient,
     title={Efficient implementation of leave-one-out cross-validation and WAIC for evaluating fitted Bayesian models},
     author={Vehtari, Aki and Gelman, Andrew and Gabry, Jonah},
     journal={arXiv preprint arXiv:1507.04544},
     year={2015}
   }
   
   @article{bernardo1979reference,
     title={Reference posterior distributions for Bayesian inference},
     author={Bernardo, Jose M},
     journal={Journal of the Royal Statistical Society. Series B (Methodological)},
     pages={113--147},
     year={1979},
     publisher={JSTOR}
   }
   
   @article{casella1985introduction,
     title={An introduction to empirical Bayes data analysis},
     author={Casella, George},
     journal={The American Statistician},
     volume={39},
     number={2},
     pages={83--87},
     year={1985},
     publisher={Taylor \& Francis}
   }
   
   @article{chib1995understanding,
     title={Understanding the metropolis-hastings algorithm},
     author={Chib, Siddhartha and Greenberg, Edward},
     journal={The american statistician},
     volume={49},
     number={4},
     pages={327--335},
     year={1995},
     publisher={Taylor \& Francis Group}
   }
   
   @incollection{gebali2008,
   year={2008},
   isbn={978-0-387-74436-0},
   booktitle={Analysis of Computer and Communication Networks},
   doi={10.1007/978-0-387-74437-7_5},
   title={Reducible Markov Chains},
   url={http://dx.doi.org/10.1007/978-0-387-74437-7_5},
   publisher={Springer US},
   author={Gebali, Fayez},
   pages={1-32},
   language={English}
   }
   
   @article{rosenthal2011optimal,
     title={Optimal proposal distributions and adaptive MCMC},
     author={Rosenthal, Jeffrey S and others},
     journal={Handbook of Markov Chain Monte Carlo},
     pages={93--112},
     year={2011},
     publisher={CRC Press, Boca Raton, FL}
   }
   
   @article{roberts1997weak,
     title={Weak convergence and optimal scaling of random walk Metropolis algorithms},
     author={Roberts, Gareth O and Gelman, Andrew and Gilks, Walter R and others},
     journal={The annals of applied probability},
     volume={7},
     number={1},
     pages={110--120},
     year={1997},
     publisher={Institute of Mathematical Statistics}
   }
   
   @article{saidi2006stationarity,
     title={Stationarity and geometric ergodicity of a class of nonlinear ARCH models},
     author={Sa{\"\i}di, Youssef and Zakoian, Jean-Michel and others},
     journal={The Annals of Applied Probability},
     volume={16},
     number={4},
     pages={2256--2271},
     year={2006},
     publisher={Institute of Mathematical Statistics}
   }
   
   @article{gelman1992inference,
     title={Inference from iterative simulation using multiple sequences},
     author={Gelman, Andrew and Rubin, Donald B},
     journal={Statistical science},
     pages={457--472},
     year={1992},
     publisher={JSTOR}
   }
   
   @article{bergland1969guided,
     title={A guided tour of the fast Fourier transform},
     author={Bergland, GD},
     journal={Spectrum, IEEE},
     volume={6},
     number={7},
     pages={41--52},
     year={1969},
     publisher={IEEE}
   }
   
   @book{brooks2011handbook,
     title={Handbook of Markov Chain Monte Carlo},
     author={Brooks, Steve and Gelman, Andrew and Jones, Galin and Meng, Xiao-Li},
     year={2011},
     publisher={CRC press}
   }
   
   @article{homan2014no,
     title={The no-U-turn sampler: Adaptively setting path lengths in Hamiltonian Monte Carlo},
     author={Homan, Matthew D and Gelman, Andrew},
     journal={The Journal of Machine Learning Research},
     volume={15},
     number={1},
     pages={1593--1623},
     year={2014},
     publisher={JMLR. org}
   }
   
   @InCollection{sep-analytic-synthetic,
   	author       =	{Rey, Georges},
   	title        =	{The Analytic/Synthetic Distinction},
   	booktitle    =	{The Stanford Encyclopedia of Philosophy},
   	year         =	{2015},
   }

   @article{betanCourtStan2016,
     title={An Technical Introduction to Probability and Bayesian
     Inference for Stan Users},
     author={Stan Development Team},
     number={0.0.0},
     year={2016},
   }

@article{flammarion1888,
     title={L'atmosphère: météorologie populaire},
     author={Flammarion, Camille},
     year={1888},
     pages={163}
   }
   
   @article{thall1990some,
     title={Some covariance models for longitudinal count data with overdispersion},
     author={Thall, Peter F and Vail, Stephen C},
     journal={Biometrics},
     pages={657--671},
     year={1990},
     publisher={JSTOR}
   }


@article{belenky2003patterns,
  title={Patterns of performance degradation and restoration during sleep restriction and subsequent recovery: A sleep dose-response study},
  author={Belenky, Gregory and Wesensten, Nancy J and Thorne, David R and Thomas, Maria L and Sing, Helen C and Redmond, Daniel P and Russo, Michael B and Balkin, Thomas J},
  journal={Journal of sleep research},
  volume={12},
  number={1},
  pages={1--12},
  year={2003},
  publisher={Wiley Online Library}
}

   @book{discoveries,
     title={The World Almanac and Book of Facts},
     year={1975},
     pages={315--318}
   }
   
   @article{bellis1990females,
     title={Do females promote sperm competition? Data for humans},
     author={Bellis, Mark A and Baker, R Robin},
     journal={Animal Behaviour},
     volume={40},
     number={5},
     pages={997--999},
     year={1990},
     publisher={Academic Press}
   }
   
   @article{bellis2005measuring,
     title={Measuring paternal discrepancy and its public health consequences},
     author={Bellis, Mark A and Hughes, Karen and Hughes, Sara and Ashton, John R},
     journal={Journal of epidemiology and community health},
     volume={59},
     number={9},
     pages={749--754},
     year={2005},
     publisher={BMJ Publishing Group Ltd}
   }
   
   @article{carlin1992meta,
   	title={Meta-analysis for 2$\times$ 2 tables: A bayesian approach},
   	author={Carlin, John B},
   	journal={Statistics in medicine},
   	volume={11},
   	number={2},
   	pages={141--158},
   	year={1992},
   	publisher={Wiley Online Library}
   }
@Article{joseph1995bayesian,
  author    = {Joseph, Lawrence and Gyorkos, Theresa W and Coupal, Louis},
  title     = {Bayesian estimation of disease prevalence and the parameters of diagnostic tests in the absence of a gold standard},
  journal   = {American Journal of Epidemiology},
  year      = {1995},
  volume    = {141},
  number    = {3},
  pages     = {263--272},
  publisher = {Oxford Univ Press},
}

@article{jarrett1979note,
	title={A note on the intervals between coal-mining disasters},
	author={Jarrett, RG},
	journal={Biometrika},
	volume={66},
	number={1},
	pages={191--193},
	year={1979},
	publisher={Biometrika Trust}
}

@Comment{jabref-meta: databaseType:bibtex;}
